<collection xmlns="http://www.loc.gov/MARC21/slim"><record><leader>01240nam  2200313   450</leader><controlfield tag="001">219</controlfield><controlfield tag="003">http://montalegre.opacnet.com/OPAC/default.aspx?ContentAreaControl=ShowRegHoldings.ascx&amp;RegNo=16662</controlfield><datafield tag="100" ind1=" " ind2=" "><subfield code="a">20061013d19859999m  y0pora010305  ba</subfield></datafield><datafield tag="101" ind1="1" ind2=" "><subfield code="a">por</subfield><subfield code="c">fre</subfield></datafield><datafield tag="102" ind1=" " ind2=" "><subfield code="a">PT</subfield></datafield><datafield tag="200" ind1="1" ind2=" "><subfield code="a">&lt;A &gt;bicicleta azul</subfield><subfield code="f">Régine Deforges</subfield><subfield code="g">trad. Lígia Guterres</subfield></datafield><datafield tag="210" ind1=" " ind2=" "><subfield code="a">Lisboa</subfield><subfield code="c">Inquérito</subfield><subfield code="d">[D.L. 1985]</subfield></datafield><datafield tag="215" ind1=" " ind2=" "><subfield code="a">vol</subfield><subfield code="d">21 cm</subfield></datafield><datafield tag="225" ind1="2" ind2=" "><subfield code="a">Romance universal</subfield><subfield code="v">8, 10</subfield></datafield><datafield tag="304" ind1=" " ind2=" "><subfield code="a">Tít. orig. : La bicyclette bleue</subfield></datafield><datafield tag="327" ind1="1" ind2=" "><subfield code="a">Vol. 1: Caminho entre ruínas (1939-1942). - 364 p</subfield><subfield code="a">Vol. 2: A coragem de resistir (1942-1944) . - 288 p</subfield><subfield code="a">vol. 3: O fim do pesadelo (1944-1945), - 351 p</subfield></datafield><datafield tag="517" ind1="0" ind2=" "><subfield code="a">Caminho entre ruínas (1939-1942)</subfield></datafield><datafield tag="517" ind1="0" ind2=" "><subfield code="a">&lt;A &gt;coragem de resistir (1942-1944)</subfield></datafield><datafield tag="606" ind1=" " ind2=" "><subfield code="a">Literatura francesa</subfield></datafield><datafield tag="608" ind1=" " ind2=" "><subfield code="a">Romance</subfield></datafield><datafield tag="675" ind1=" " ind2=" "><subfield code="a">821</subfield><subfield code="v">BN</subfield><subfield code="z">por</subfield></datafield><datafield tag="700" ind1=" " ind2="1"><subfield code="a">Deforges</subfield><subfield code="b">Régine</subfield></datafield><datafield tag="702" ind1=" " ind2="1"><subfield code="a">Gutérres</subfield><subfield code="b">Lígia</subfield><subfield code="f">1932</subfield><subfield code="4">730</subfield></datafield><datafield tag="801" ind1=" " ind2="0"><subfield code="a">PT</subfield><subfield code="b">Biblioteca Municipal de Montalegre</subfield><subfield code="g">RPC</subfield></datafield><datafield tag="856" ind1=" " ind2=" "><subfield code="u">locateMedia.asp?cod=20060510143544&amp;ext=jpg</subfield><subfield code="z">CAPA</subfield></datafield><datafield tag="856" ind1=" " ind2=" "><subfield code="u">locateMedia.asp?cod=20060510143556&amp;ext=jpg</subfield><subfield code="z">CAPA</subfield></datafield><datafield tag="856" ind1=" " ind2=" "><subfield code="u">locateMedia.asp?cod=20060510143607&amp;ext=jpg</subfield><subfield code="z">CAPA</subfield></datafield><datafield tag="909" ind1="&#9;" ind2=" "><subfield code="a">3</subfield></datafield><datafield tag="966" ind1=" " ind2=" "><subfield code="a">0008572</subfield><subfield code="l">BMM</subfield><subfield code="s">SCG 821 DEF cam 8</subfield></datafield><datafield tag="966" ind1=" " ind2=" "><subfield code="a">0008573</subfield><subfield code="l">BMM</subfield><subfield code="s">SCG 821 DEF cor 10</subfield></datafield><datafield tag="966" ind1=" " ind2=" "><subfield code="a">0008574</subfield><subfield code="l">BMM</subfield><subfield code="s">SCG 821 DEF fim 11</subfield></datafield></record></collection>